@inproceedings{adida2008helios,
  title={Helios: Web-based Open-Audit Voting.},
  author={Adida, Ben},
  booktitle={USENIX security symposium},
  volume={17},
  pages={335--348},
  year={2008}
}

@article{alvim2015integridade,
  title={Integridade eleitoral: significado e crit{\'e}rios de qualifica{\c{c}}{\~a}o},
  author={Alvim, Frederico Franco},
  journal={Ballot},
  volume={1},
  number={2},
  pages={213--228},
  year={2015}
}

@article{aranha2012vulnerabilidades,
  title={Vulnerabilidades no software da urna eletr{\^o}nica brasileira},
  author={Aranha, Diego F and Karam, Marcelo Monte and de Miranda, Andr{\'e} and Scarel, Felipe},
  year={2012}
}

@article{benaloh1987verifiable,
  title={Verifiable secret-ballot elections},
  author={Benaloh, Josh Daniel Cohen},
  year={1987},
  publisher={Yale University}
}

@article{benaloh2006simple,
  title={Simple Verifiable Elections.},
  author={Benaloh, Josh},
  journal={EVT},
  volume={6},
  pages={5--5},
  year={2006}
}

@article{benaloh2015end,
  title={End-to-end verifiability},
  author={Benaloh, Josh and Rivest, Ronald and Ryan, Peter YA and Stark, Philip and Teague, Vanessa and Vora, Poorvi},
  %journal={arXiv preprint arXiv:1504.03778},
  journal={arXiv},
  year={2015}
}

@inproceedings{buchstein2010public,
  title={Public voting and political modernization: Different views from the 19th century},
  author={Buchstein, Hubertus},
  %booktitle={Scrutin secret et vote public, huis clos et d{\'e}bat ouvert, seminar/first draft, Paris: Coll{\`e}ge de de France, www.college-defrance.fr/media/rat\_soc/UPL31828\_buchstein\_scrutin.pdf [August 14 2011]},
  booktitle={Scrutin secret et vote public, huis clos et d{\'e}bat ouvert, seminar/first draft, Paris: Coll{\`e}ge de de France},
  pages={17--26},
  year={2010}
}

@article{chaum2008scantegrity,
  title={Scantegrity: End-to-end voter-verifiable optical-scan voting},
  author={Chaum, David and Essex, Aleks and Carback, Richard and Clark, Jeremy and Popoveniuc, Stefan and Sherman, Alan and Vora, Poorvi},
  journal={IEEE Security \& Privacy},
  volume={6},
  number={3},
  year={2008},
  publisher={IEEE}
}

@article{chaum2008scantegrityII,
  title={Scantegrity II: End-to-End Verifiability for Optical Scan Election Systems using Invisible Ink Confirmation Codes.},
  author={Chaum, David and Carback, Richard and Clark, Jeremy and Essex, Aleksander and Popoveniuc, Stefan and Rivest, Ronald L and Ryan, Peter YA and Shen, Emily and Sherman, Alan T},
  journal={EVT},
  volume={8},
  pages={1--13},
  year={2008}
}

@inproceedings{clarkson2008civitas,
  title={Civitas: Toward a secure voting system},
  author={Clarkson, Michael R and Chong, Stephen and Myers, Andrew C},
  booktitle={Security and Privacy, 2008. SP 2008. IEEE Symposium on},
  pages={354--368},
  year={2008},
  organization={IEEE}
}

@misc{Credenti82:online,
    author={Mike West},
    title={Credential Management Level 1},
    howpublished={\url{https://w3c.github.io/webappsec-credential-management/}},
    month=jun,
    year={2018},
    note={Acesso em: 25 set 2018}
}

@article{damgaard2010generalization,
  title={A generalization of Paillierâ€™s public-key system with applications to electronic voting},
  author={Damg{\aa}rd, Ivan and Jurik, Mads and Nielsen, Jesper Buus},
  journal={International Journal of Information Security},
  volume={9},
  number={6},
  pages={371--385},
  year={2010},
  publisher={Springer}
}

@misc{davis1996direct,
  title={Direct recording electronic voting machine and voting process},
  author={Davis III, John M and Thomas, Shelby},
  year={1996},
  month=dec,
  publisher={Google Patents},
  note={US Patent 5,583,329}
}

@article{davis2008civitas,
  title={Civitas: Implementation of a threshold cryptosystem},
  author={Davis, Adam M and Chmelev, Dmitri and Clarkson, Michael R},
  year={2008}
}

@inproceedings{delaune2006coercion,
  title={Coercion-resistance and receipt-freeness in electronic voting},
  author={Delaune, Stephanie and Kremer, Steve and Ryan, Mark},
  booktitle={Computer Security Foundations Workshop, 2006. 19th IEEE},
  pages={12--pp},
  year={2006},
  organization={IEEE}
}

@inproceedings{everett2006measuring,
  title={Measuring the usability of paper ballots: Efficiency, effectiveness, and satisfaction},
  author={Everett, Sarah P and Byrne, Michael D and Greene, Kristen K},
  booktitle={Proceedings of the Human Factors and Ergonomics Society Annual Meeting},
  volume={50},
  number={24},
  pages={2547--2551},
  year={2006},
  organization={SAGE Publications Sage CA: Los Angeles, CA}
}

@article{feldman2006security,
  title={Security analysis of the Diebold AccuVote-TS voting machine},
  author={Feldman, Ariel J and Halderman, J Alex and Felten, Edward W},
  year={2006},
  publisher={Center for Information Technology Policy, Princeton University}
}

@inproceedings{fisher2006punchscan,
  title={Punchscan: Introduction and system definition of a high-integrity election system},
  author={Fisher, Kevin and Carback, Richard and Sherman, Alan T},
  booktitle={Proceedings of Workshop on Trustworthy Elections},
  year={2006}
}

@inproceedings{fouque2000sharing,
  title={Sharing decryption in the context of voting or lotteries},
  author={Fouque, Pierre-Alain and Poupard, Guillaume and Stern, Jacques},
  booktitle={International Conference on Financial Cryptography},
  pages={90--104},
  year={2000},
  organization={Springer}
}

@misc{gillespie1899voting,
  title={Voting-machine.},
  author={Gillespie, A.J.},
  url={https://www.google.com/patents/US628905},
  year={1899},
  month=jul,
  publisher={Google Patents},
  note={US Patent 628,905}
}

@inproceedings{juels2005coercion,
  title={Coercion-resistant electronic elections},
  author={Juels, Ari and Catalano, Dario and Jakobsson, Markus},
  booktitle={Proceedings of the 2005 ACM workshop on Privacy in the electronic society},
  pages={61--70},
  year={2005},
  organization={ACM}
}

@article{karayumak2011usability,
  title={Usability Analysis of Helios-An Open Source Verifiable Remote Electronic Voting System.},
  author={Karayumak, Fatih and Olembo, Maina M and Kauer, Michaela and Volkamer, Melanie},
  journal={EVT/WOTE},
  volume={11},
  number={5},
  year={2011}
}

@inproceedings{kiayias2006internet,
  title={An internet voting system supporting user privacy},
  author={Kiayias, Aggelos and Korman, Michael and Walluck, David},
  booktitle={Computer Security Applications Conference, 2006. ACSAC'06. 22nd Annual},
  pages={165--174},
  year={2006},
  organization={IEEE}
}

@inproceedings{kohno2004analysis,
  title={Analysis of an electronic voting system},
  author={Kohno, Tadayoshi and Stubblefield, Adam and Rubin, Aviel D and Wallach, Dan S},
  booktitle={Security and Privacy, 2004. Proceedings. 2004 IEEE Symposium on},
  pages={27--40},
  year={2004},
  organization={IEEE}
}

@book{jones2012broken,
  title={Broken Ballots: Will Your Vote Count?},
  author={Jones, D. and Simons, B.},
  isbn={9781575866376},
  lccn={2011050327},
  series={CSLI lecture notes},
  url={https://books.google.com.br/books?id=Y5TgygAACAAJ},
  year={2012},
  publisher={CSLI Publications}
}

@article{leslie1856,
  author={Frank Leslie},
  title={Stuffer's Ballot-Box},
  journal={Frank Leslie's Illustrated Newspaper},
  year={1856},
  pages={92},
  month=jul
}

@article{lundin2008human,
  title={Human readable paper verification of Pret a Voter},
  author={Lundin, David and Ryan, Peter},
  journal={Computer Security-ESORICS 2008},
  pages={379--395},
  year={2008},
  publisher={Springer}
}

@book{nicolau2012eleicoes,
  title={Elei{\c{c}}{\~o}es no Brasil: Do Imp{\'e}rio aos dias atuais},
  author={Nicolau, J.},
  isbn={9788537809105},
  series={Nova Biblioteca de Ci{\^e}ncias Sociais},
  url={https://books.google.com.br/books?id=1Aeipw-88HMC},
  year={2012},
  publisher={Zahar}
}

@book{norris2014electoral,
  title={Why Electoral Integrity Matters},
  author={Norris, P.},
  isbn={9781107052802},
  lccn={2014002251},
  series={Why Electoral Integrity Matters},
  url={https://books.google.com.br/books?id=f-\_CAwAAQBAJ},
  year={2014},
  publisher={Cambridge University Press}
}

@inproceedings{paillier1999public,
  title={Public-key cryptosystems based on composite degree residuosity classes},
  author={Paillier, Pascal},
  booktitle={International Conference on the Theory and Applications of Cryptographic Techniques},
  pages={223--238},
  year={1999},
  organization={Springer}
}

@article{popoveniuc2007simple,
  title={A simple technique for safely using punchscan and pret a voter in mail-in elections},
  author={Popoveniuc, Stefan and Lundin, David},
  journal={E-Voting and Identity},
  pages={150--155},
  year={2007},
  publisher={Springer}
}

@article{rivest2002lecture,
  title={Lecture notes 15: Voting, homomorphic encryption},
  author={Rivest, Lecturer Ron and Ledlie, Scribe and others},
  year={2002},
  publisher={Citeseer}
}

@article{Rubin:2002:SCR:585597.585599,
  author={Rubin, Aviel D.},
  title={Security Considerations for Remote Electronic Voting},
  journal={Commun. ACM},
  issue_date={December 2002},
  volume={45},
  number={12},
  month=dec,
  year={2002},
  issn={0001-0782},
  pages={39--44},
  numpages={6},
  url={http://doi.acm.org/10.1145/585597.585599},
  doi={10.1145/585597.585599},
  acmid={585599},
  publisher={ACM},
  address={New York, NY, USA},
}

@article{ryan2006pret,
  title={Pr{\^e}t {\`a} voter with re-encryption mixes},
  author={Ryan, Peter and Schneider, Steve},
  journal={Computer Security--ESORICS 2006},
  pages={313--326},
  year={2006},
  publisher={Springer}
}

@article{ryan2009pret,
  title={Pr{\^e}t {\`a} voter: a voter-verifiable voting system},
  author={Ryan, Peter YA and Bismark, David and Heather, James and Schneider, Steve and Xia, Zhe},
  journal={IEEE transactions on information forensics and security},
  volume={4},
  number={4},
  pages={662--673},
  year={2009},
  publisher={IEEE}
}

@article{sakimura2014openid,
  title={OpenID Connect Core 1.0 incorporating errata set 1},
  author={Sakimura, Nat and Bradley, John and Jones, Mike and de Medeiros, Breno and Mortimore, Chuck},
  journal={The OpenID Foundation, specification},
  year={2014}
}

@article{schneier2008inside,
  title={Inside the twisted mind of the security professional},
  author={Schneier, Bruce},
  journal={Wired Magazine},
  volume={16},
  number={3},
  year={2008}
}

@article{Shamir:1979:SS:359168.359176,
 author = {Shamir, Adi},
 title = {How to Share a Secret},
 journal = {Commun. ACM},
 issue_date = {Nov. 1979},
 volume = {22},
 number = {11},
 month = nov,
 year = {1979},
 issn = {0001-0782},
 pages = {612--613},
 numpages = {2},
 url = {http://doi.acm.org/10.1145/359168.359176},
 doi = {10.1145/359168.359176},
 acmid = {359176},
 publisher = {ACM},
 address = {New York, NY, USA},
 keywords = {cryptography, interpolation, key management},
}

@inproceedings{sherman2010scantegrity,
  title={Scantegrity Mock Election at Takoma Park.},
  author={Sherman, Alan T and Carback, Richard and Chaum, David and Clark, Jeremy and Essex, Aleksander and Herrnson, Paul S and Mayberry, Travis and Popoveniuc, Stefan and Rivest, Ronald L and Shen, Emily and others},
  booktitle={Electronic Voting},
  pages={45--61},
  year={2010}
}

@inproceedings{Springall:2014:SAE:2660267.2660315,
  author={Springall, Drew and Finkenauer, Travis and Durumeric, Zakir and Kitcat, Jason and Hursti, Harri and MacAlpine, Margaret and Halderman, J. Alex},
  title={Security Analysis of the Estonian Internet Voting System},
  booktitle={Proceedings of the 2014 ACM SIGSAC Conference on Computer and Communications Security},
  series={CCS '14},
  year={2014},
  isbn={978-1-4503-2957-6},
  location={Scottsdale, Arizona, USA},
  pages={703--715},
  numpages={13},
  url={http://doi.acm.org/10.1145/2660267.2660315},
  doi={10.1145/2660267.2660315},
  acmid={2660315},
  publisher={ACM},
  address={New York, NY, USA},
  keywords={attacks, case studies, estonia, internet voting, security, security analysis, voting, vulnerabilities},
}

@article{van2013elections,
  title={Why Do Elections Fail? Explaining Election Integrity in Third and Fourth Wave Regimes},
  author={Van Ham, Carolien},
  year={2013}
}

@inproceedings{wolchok2010security,
  title={Security analysis of India's electronic voting machines},
  author={Wolchok, Scott and Wustrow, Eric and Halderman, J Alex and Prasad, Hari K and Kankipati, Arun and Sakhamuri, Sai Krishna and Yagati, Vasavya and Gonggrijp, Rop},
  booktitle={Proceedings of the 17th ACM conference on Computer and communications security},
  pages={1--14},
  year={2010},
  organization={ACM}
}

@article{wolfson1899ballot,
  title={The ballot and other forms of voting in the italian communes},
  author={Wolfson, Arthur M},
  journal={The American Historical Review},
  volume={5},
  number={1},
  pages={1--21},
  year={1899},
  publisher={JSTOR}
}
